<?xml version="1.0" encoding="UTF-8"?><collection xmlns="http://www.loc.gov/MARC21/slim"><record><leader>00630nam--2200229-u-4500</leader><controlfield tag="001">000050500</controlfield><controlfield tag="002">20161230</controlfield><controlfield tag="003">81892</controlfield><controlfield tag="005">20161230201048</controlfield><controlfield tag="008">070611s1000------------r-----000-0-eng-d</controlfield><datafield ind1=" " ind2=" " tag="020"><subfield code="a">9780387293172</subfield></datafield><datafield ind1=" " ind2=" " tag="040"><subfield code="a">IFIN-HH</subfield></datafield><datafield ind1=" " ind2=" " tag="080"><subfield code="a">519.23</subfield></datafield><datafield ind1="1" ind2=" " tag="100"><subfield code="a">Shumway, Robert H</subfield></datafield><datafield ind1="1" ind2="0" tag="245"><subfield code="a">Time series analysis and its applications with r examples</subfield><subfield code="c">Robert h. shumway, david s. stoffer</subfield></datafield><datafield ind1=" " ind2=" " tag="250"><subfield code="a">Second Edition</subfield></datafield><datafield ind1=" " ind2=" " tag="260"><subfield code="a">New York</subfield><subfield code="b">Springer Science</subfield><subfield code="c">2006</subfield></datafield><datafield ind1=" " ind2=" " tag="300"><subfield code="a">575 P</subfield></datafield><datafield ind1=" " ind2=" " tag="490"><subfield code="a">Springer Texts In Statistics</subfield></datafield><datafield ind1="1" ind2=" " tag="700"><subfield code="a">Stoffer, David S</subfield></datafield><datafield ind1=" " ind2=" " tag="852"><subfield code="c">519.24</subfield></datafield><datafield ind1=" " ind2=" " tag="CAT"><subfield code="a">Sys</subfield><subfield code="c">20130805</subfield><subfield code="h">181614</subfield></datafield></record></collection>